%YAML 1.1
%TAG !u! tag:unity3d.com,2011:
--- !u!245 &-8846014858603724449
AudioMixerSnapshotController:
  m_ObjectHideFlags: 0
  m_CorrespondingSourceObject: {fileID: 0}
  m_PrefabInstance: {fileID: 0}
  m_PrefabAsset: {fileID: 0}
  m_Name: Snapshot - Copy
  m_AudioMixer: {fileID: 24100000}
  m_SnapshotID: 9e97c4e5b58122841aa3bb2dacc5d62c
  m_FloatValues: {}
  m_TransitionOverrides: {}
--- !u!244 &-4180607145256944994
AudioMixerEffectController:
  m_ObjectHideFlags: 3
  m_CorrespondingSourceObject: {fileID: 0}
  m_PrefabInstance: {fileID: 0}
  m_PrefabAsset: {fileID: 0}
  m_Name: 
  m_EffectID: 4297b9cc5c81ff94493f2c8167996b27
  m_EffectName: Attenuation
  m_MixLevel: 26191585c88960940bee97d26bb8955d
  m_Parameters: []
  m_SendTarget: {fileID: 0}
  m_EnableWetMix: 0
  m_Bypass: 0
--- !u!243 &-769059265541890104
AudioMixerGroupController:
  m_ObjectHideFlags: 0
  m_CorrespondingSourceObject: {fileID: 0}
  m_PrefabInstance: {fileID: 0}
  m_PrefabAsset: {fileID: 0}
  m_Name: Music
  m_AudioMixer: {fileID: 24100000}
  m_GroupID: 4ee490e26987f4642a074613e20b57e1
  m_Children: []
  m_Volume: f3fbf2c724fb0d748b8bb9cbb3e17ac1
  m_Pitch: c64a7e39baff5624088a879ec1650f12
  m_Send: 00000000000000000000000000000000
  m_Effects:
  - {fileID: 5980206650303044619}
  m_UserColorIndex: 0
  m_Mute: 0
  m_Solo: 0
  m_BypassEffects: 0
--- !u!241 &24100000
AudioMixerController:
  m_ObjectHideFlags: 0
  m_CorrespondingSourceObject: {fileID: 0}
  m_PrefabInstance: {fileID: 0}
  m_PrefabAsset: {fileID: 0}
  m_Name: GameMixer
  m_OutputGroup: {fileID: 0}
  m_MasterGroup: {fileID: 24300002}
  m_Snapshots:
  - {fileID: -8846014858603724449}
  m_StartSnapshot: {fileID: -8846014858603724449}
  m_SuspendThreshold: -80
  m_EnableSuspend: 0
  m_UpdateMode: 0
  m_ExposedParameters:
  - guid: f9d69dab81ea88342a1d505fdd25ddc5
    name: MasterVolume
  - guid: f3fbf2c724fb0d748b8bb9cbb3e17ac1
    name: MusicVolume
  - guid: 84baa8b92819e20499ab5346da6e2553
    name: SFXVolume
  m_AudioMixerGroupViews:
  - guids:
    - 8c491d031c8912e4993cac54001385f6
    - 4ee490e26987f4642a074613e20b57e1
    - 2c2ecb6aae6b5864ba24f0910f1a65d0
    name: View
  m_CurrentViewIndex: 0
  m_TargetSnapshot: {fileID: -8846014858603724449}
--- !u!243 &24300002
AudioMixerGroupController:
  m_ObjectHideFlags: 0
  m_CorrespondingSourceObject: {fileID: 0}
  m_PrefabInstance: {fileID: 0}
  m_PrefabAsset: {fileID: 0}
  m_Name: Master
  m_AudioMixer: {fileID: 24100000}
  m_GroupID: 8c491d031c8912e4993cac54001385f6
  m_Children:
  - {fileID: -769059265541890104}
  - {fileID: 4460568899999898149}
  m_Volume: f9d69dab81ea88342a1d505fdd25ddc5
  m_Pitch: 2cda1496a0ce747499332942d62baca7
  m_Send: 00000000000000000000000000000000
  m_Effects:
  - {fileID: 24400004}
  m_UserColorIndex: 0
  m_Mute: 0
  m_Solo: 0
  m_BypassEffects: 0
--- !u!244 &24400004
AudioMixerEffectController:
  m_ObjectHideFlags: 3
  m_CorrespondingSourceObject: {fileID: 0}
  m_PrefabInstance: {fileID: 0}
  m_PrefabAsset: {fileID: 0}
  m_Name: 
  m_EffectID: b945b3af980850248a363437174fb298
  m_EffectName: Attenuation
  m_MixLevel: 357e95918bc1e8844a26e0b9cd84c347
  m_Parameters: []
  m_SendTarget: {fileID: 0}
  m_EnableWetMix: 0
  m_Bypass: 0
--- !u!245 &24500006
AudioMixerSnapshotController:
  m_ObjectHideFlags: 0
  m_CorrespondingSourceObject: {fileID: 0}
  m_PrefabInstance: {fileID: 0}
  m_PrefabAsset: {fileID: 0}
  m_Name: Snapshot
  m_AudioMixer: {fileID: 24100000}
  m_SnapshotID: 2ddc3e955128b944f9daf014847cf7ff
  m_FloatValues: {}
  m_TransitionOverrides: {}
--- !u!243 &4460568899999898149
AudioMixerGroupController:
  m_ObjectHideFlags: 0
  m_CorrespondingSourceObject: {fileID: 0}
  m_PrefabInstance: {fileID: 0}
  m_PrefabAsset: {fileID: 0}
  m_Name: SFX
  m_AudioMixer: {fileID: 24100000}
  m_GroupID: 2c2ecb6aae6b5864ba24f0910f1a65d0
  m_Children: []
  m_Volume: 84baa8b92819e20499ab5346da6e2553
  m_Pitch: 6b5e427c2ef778947b3d345172683821
  m_Send: 00000000000000000000000000000000
  m_Effects:
  - {fileID: -4180607145256944994}
  m_UserColorIndex: 0
  m_Mute: 0
  m_Solo: 0
  m_BypassEffects: 0
--- !u!244 &5980206650303044619
AudioMixerEffectController:
  m_ObjectHideFlags: 3
  m_CorrespondingSourceObject: {fileID: 0}
  m_PrefabInstance: {fileID: 0}
  m_PrefabAsset: {fileID: 0}
  m_Name: 
  m_EffectID: b3fbf9cf275e0df4f868af3e21acaf88
  m_EffectName: Attenuation
  m_MixLevel: 747cef7a103de474295ea1983a87f61c
  m_Parameters: []
  m_SendTarget: {fileID: 0}
  m_EnableWetMix: 0
  m_Bypass: 0
